<record><leader>00000cas a22000007a 4500</leader><controlfield tag="001">16513643</controlfield><controlfield tag="008">870819d19301946iauwr ne      0    0eng d</controlfield><datafield ind1=" " ind2=" " tag="010"><subfield code="a">sn 87057695 </subfield></datafield><datafield ind1=" " ind2=" " tag="040"><subfield code="a">INP</subfield><subfield code="b">eng</subfield><subfield code="c">INP</subfield><subfield code="d">OCLCQ</subfield></datafield><datafield ind1=" " ind2=" " tag="042"><subfield code="a">msc</subfield></datafield><datafield ind1="0" ind2="0" tag="245"><subfield code="a">Emmetsburg Thursday reporter.</subfield></datafield><datafield ind1="1" ind2="3" tag="246"><subfield code="a">Thursday reporter</subfield></datafield><datafield ind1=" " ind2=" " tag="260"><subfield code="a">Emmetsburg, Palo Alto County, Iowa :</subfield><subfield code="b">K.D. Warner,</subfield><subfield code="c">1930-1946.</subfield></datafield><datafield ind1=" " ind2=" " tag="300"><subfield code="a">17 v.</subfield></datafield><datafield ind1=" " ind2=" " tag="310"><subfield code="a">Weekly</subfield></datafield><datafield ind1="0" ind2=" " tag="362"><subfield code="a">Vol. 57, no. 1 (Jan. 2, 1930)-v. 73, no. 24 (June 13, 1946).</subfield></datafield><datafield ind1=" " ind2=" " tag="500"><subfield code="a">Publisher varies.</subfield></datafield><datafield ind1=" " ind2=" " tag="515"><subfield code="a">Issues for 1930-1946 called also 56th-72nd year.</subfield></datafield><datafield ind1=" " ind2=" " tag="752"><subfield code="a">United States</subfield><subfield code="b">Iowa</subfield><subfield code="c">Palo Alto</subfield><subfield code="d">Emmetsburg.</subfield></datafield><datafield ind1="0" ind2="0" tag="780"><subfield code="t">Palo Alto reporter</subfield><subfield code="w">(DLC)sn 84038129</subfield></datafield><datafield ind1="0" ind2="0" tag="785"><subfield code="t">Emmetsburg reporter</subfield><subfield code="w">(DLC)sn 87057694</subfield></datafield></record>